@article{greenwade93,
    author  = "George D. Greenwade",
    title   = "The {C}omprehensive {T}ex {A}rchive {N}etwork ({CTAN})",
    year    = "1993",
    journal = "TUGBoat",
    volume  = "14",
    number  = "3",
    pages   = "342--351"
}
@book{Griffiths:1492149,
      author        = "Griffiths, David J",
      title         = "{Introduction to electrodynamics; 4th ed.}",
      publisher     = "Pearson",
      address       = "Boston, MA",
      year          = "2013",
      url           = "https://cds.cern.ch/record/1492149",
      note          = "Re-published by Cambridge University Press in 2017",
}


@INPROCEEDINGS{Ciaccia97m-tree:an,
    author = {Paolo Ciaccia and Marco Patella and Pavel Zezula},
    title = {M-tree: An Efficient Access Method for Similarity Search in Metric Spaces},
    booktitle = {},
    year = {1997},
    pages = {426--435}
}

@inproceedings{Ciaccia1997IndexingMS,
  title={Indexing Metric Spaces with M-Tree},
  author={Paolo Ciaccia and Marco Patella and Fausto Rabitti and Pavel Zezula},
  booktitle={SEBD},
  year={1997}
}


@misc{repositorio,
  author = {Angel Bejar},
  title = {{Mtree}},
  howpublished = "\url{https://github.com/ubuangel/m_tree}",
  note = "[Online; accessed 15-diciembre-2021]"
}

@misc{pag,
  author = {pagina web m-tre project},
  title = {{Mtree}},
  howpublished = "\url{http://www-db.deis.unibo.it/Mtree/}",
  note = "[Online; accessed 15-diciembre-2021]"
}
